<?xml version='1.0' encoding='UTF-8'?>
<record xmlns="http://www.loc.gov/MARC21/slim">
  <leader>01077cam a2200265Ma 4500</leader>
  <controlfield tag="001">1675213</controlfield>
  <controlfield tag="003">NjP</controlfield>
  <controlfield tag="005">20170228182537.0</controlfield>
  <controlfield tag="008">900416s1961    sy a     b    000 0 araod</controlfield>
  <datafield tag="024" ind1="7" ind2=" ">
    <subfield code="a">princeton_aco002190</subfield>
    <subfield code="2">local</subfield>
  </datafield>
  <datafield ind1=" " ind2=" " tag="035">
    <subfield code="a">(OCoLC)ocm23439966</subfield>
  </datafield>
  <datafield ind1=" " ind2=" " tag="035">
    <subfield code="9">CFJ7838TS</subfield>
  </datafield>
  <datafield ind1=" " ind2=" " tag="040">
    <subfield code="a">PAU</subfield>
    <subfield code="c">PAU</subfield>
    <subfield code="d">PUL</subfield>
  </datafield>
  <datafield ind1=" " ind2=" " tag="043">
    <subfield code="a">a-sy---</subfield>
  </datafield>
  <datafield ind1="1" ind2=" " tag="100">
    <subfield code="a">Yūnus, ʻAbd al-Laṭīf.</subfield>
  </datafield>
  <datafield ind1="1" ind2="0" tag="245">
    <subfield code="a">Thawrat al-Shaykh Ṣāliḥ al-ʻAlī /</subfield>
    <subfield code="c">taʾlīf ʻAbd al-Laṭīf al-Yūnus.</subfield>
  </datafield>
  <datafield ind1=" " ind2=" " tag="250">
    <subfield code="a">[al-Ṭabʻah 2]</subfield>
  </datafield>
  <datafield ind1=" " ind2=" " tag="260">
    <subfield code="a">Dimashq :</subfield>
    <subfield code="b">Dār al-Yaqẓah al-ʻArabīyahbi-Dimashq,</subfield>
    <subfield code="c">[1961?]</subfield>
  </datafield>
  <datafield ind1=" " ind2=" " tag="300">
    <subfield code="a">234 p. :</subfield>
    <subfield code="b">ill. ;</subfield>
    <subfield code="c">19 cm.</subfield>
  </datafield>
  <datafield ind1=" " ind2="0" tag="440">
    <subfield code="a">Silsilat rūwād al-taḥrīr al-ʻArabī ;</subfield>
    <subfield code="v">1</subfield>
  </datafield>
  <datafield ind1=" " ind2=" " tag="500">
    <subfield code="a">At head of title: Wizārat al-Thaqāfah wa-al-Irshād al-Qawmī, Mudīrīyat al-Taʾlīf wa-al-Tarjamah.</subfield>
  </datafield>
  <datafield ind1=" " ind2=" " tag="504">
    <subfield code="a">Includes bibliographical references.</subfield>
  </datafield>
  <datafield ind1="1" ind2="0" tag="600">
    <subfield code="a">ʻAlī, Ṣāliḥ,</subfield>
    <subfield code="d">1882 or 3-1950.</subfield>
  </datafield>
  <datafield ind1=" " ind2="0" tag="651">
    <subfield code="a">Syria</subfield>
    <subfield code="x">History</subfield>
    <subfield code="y">20th century.</subfield>
    <subfield code="0">http://id.loc.gov/authorities/subjects/sh85131704</subfield>
  </datafield>
  <datafield ind1=" " ind2=" " tag="947">
    <subfield code="a">CFJ7838</subfield>
  </datafield>
  <datafield ind1=" " ind2=" " tag="911">
    <subfield code="a">20000130</subfield>
  </datafield>
  <datafield ind1="0" ind2="0" tag="852">
    <subfield code="0">1930745</subfield>
    <subfield code="b">nec</subfield>
    <subfield code="t">0</subfield>
    <subfield code="h">DS98.3.A43</subfield>
    <subfield code="i">Y868 1961</subfield>
  </datafield>
  <datafield ind1=" " ind2=" " tag="959">
    <subfield code="a">2000-06-13 00:00:00 -0400</subfield>
  </datafield>
</record>
